<?xml version="1.0" encoding="UTF-8"?><collection xmlns="http://www.loc.gov/MARC21/slim"><record><leader>00419nam--2200121-i-4500</leader><controlfield tag="001">000007345</controlfield><controlfield tag="002">20161230</controlfield><controlfield tag="005">20161230201027</controlfield><controlfield tag="008">060222s1000------------r-----000-0-eng-d</controlfield><datafield ind1=" " ind2=" " tag="100"><subfield code="a">Aronson, Bertil, Lundstrom, Torsten, Rundqvist Stig</subfield></datafield><datafield ind1=" " ind2=" " tag="245"><subfield code="a">Borides, silicides and phosphides. a critical review of their preparation, properties and crystal chemistry</subfield></datafield><datafield ind1=" " ind2=" " tag="260"><subfield code="a">London, Methuen And Co., 1965 X + 120 P</subfield></datafield><datafield ind1=" " ind2=" " tag="852"><subfield code="a">22207</subfield></datafield></record></collection>